%YAML 1.1
%TAG !u! tag:unity3d.com,2011:
--- !u!1001 &100100000
Prefab:
  m_ObjectHideFlags: 1
  serializedVersion: 2
  m_Modification:
    m_TransformParent: {fileID: 0}
    m_Modifications: []
    m_RemovedComponents: []
  m_ParentPrefab: {fileID: 0}
  m_RootGameObject: {fileID: 1035986525130260}
  m_IsPrefabParent: 1
--- !u!1 &1035986525130260
GameObject:
  m_ObjectHideFlags: 0
  m_PrefabParentObject: {fileID: 0}
  m_PrefabInternal: {fileID: 100100000}
  serializedVersion: 4
  m_Component:
  - 4: {fileID: 4466836064791642}
  - 114: {fileID: 114942482318478870}
  - 114: {fileID: 114201214126373650}
  m_Layer: 0
  m_Name: White Laser
  m_TagString: Untagged
  m_Icon: {fileID: 0}
  m_NavMeshLayer: 0
  m_StaticEditorFlags: 0
  m_IsActive: 1
--- !u!4 &4466836064791642
Transform:
  m_ObjectHideFlags: 1
  m_PrefabParentObject: {fileID: 0}
  m_PrefabInternal: {fileID: 100100000}
  m_GameObject: {fileID: 1035986525130260}
  m_LocalRotation: {x: 0, y: 0, z: 0, w: 1}
  m_LocalPosition: {x: 0, y: 0, z: 0}
  m_LocalScale: {x: 0.1, y: 0.1, z: 5}
  m_LocalEulerAnglesHint: {x: 0, y: 0, z: 0}
  m_Children: []
  m_Father: {fileID: 0}
  m_RootOrder: 0
--- !u!114 &114201214126373650
MonoBehaviour:
  m_ObjectHideFlags: 1
  m_PrefabParentObject: {fileID: 0}
  m_PrefabInternal: {fileID: 100100000}
  m_GameObject: {fileID: 1035986525130260}
  m_Enabled: 1
  m_EditorHideFlags: 0
  m_Script: {fileID: 11500000, guid: 364c2de1128e42d40be5aa4406628a86, type: 3}
  m_Name: 
  m_EditorClassIdentifier: 
  xMin: -20
  xMax: 20
  zMin: -20
  zMax: 20
  laserHeight: 2.2
  smooth: 3
  retargetDistance: 4
--- !u!114 &114942482318478870
MonoBehaviour:
  m_ObjectHideFlags: 1
  m_PrefabParentObject: {fileID: 0}
  m_PrefabInternal: {fileID: 100100000}
  m_GameObject: {fileID: 1035986525130260}
  m_Enabled: 1
  m_EditorHideFlags: 0
  m_Script: {fileID: 11500000, guid: ee1dc8ed45562f64293de840ce1d9337, type: 3}
  m_Name: 
  m_EditorClassIdentifier: 
  maskMethod: 0
  masks: 00000000
  priority: 0
  lightingModel: 0
  transparencyType: 0
  glossType: 0
  albedoTex: {fileID: 2800000, guid: 539b7eb3aef0ee240987d37afe7b41b9, type: 3}
  albedoColor: {r: 0.7941176, g: 0.7941176, b: 0.7941176, a: 1}
  smoothness: 1
  specularTex: {fileID: 0}
  specularColor: {r: 1, g: 1, b: 1, a: 1}
  metallicTex: {fileID: 0}
  metallicity: 1
  normalTex: {fileID: 0}
  normalStrength: 1
  emissive: 1
  emissionTex: {fileID: 0}
  emissionColor: {r: 1, g: 0.7846154, b: 0, a: 1}
  cutoff: 0.2
  projectionLimit: 88
